%!TEX root = ../thesis.tex

@article{ProctorBound,
    author    = "Proctor, Michael R.E.",
    title     = "On Backus' Necessary Condition for Dynamo Action in a Conducting Sphere",
    journal   = "Geophysical and Astrophysical Fluid Dynamics",
    volume   = "9",
    pages    = "89--93",
    year      = "1977"
},

@article{BackusBound,
    author    = "Backus, G.E.",
    title     = "A class of self-sustaining dissipative spherical dynamos",
    journal   = "Annals of Physics",
    volume   = "4",
    pages    = "372--447",
    year      = "1958"
},

@article{OlsonandChristensen2006,
    author    = "Olson, Peter and Christensen, Ulrich R.",
    title     = "Dipole moment scaling for convection-driven planetary dynamos",
    journal   = "Earth and Planetary Science Letters",
    volume   = "250",
    pages    = "561--571",
    year      = "2006"
},

@book{Vallis,
    author    = "Vallis, Geoffrey K.",
    title     = "Atmospheric and Oceanic Fluid Dynamics",
    publisher = "Cambridge University Press",
    edition  = "1",
    year      = "2006"
}

@article{Aharonson2004,
author = {Aharonson, Oded and Zuber, Maria T. and Solomon, Sean C.},
title = {{Crustal remanence in an internally magnetized non-uniform shell: a possible source for Mercury{\textquoteright}s magnetic field?}},
journal = {Earth and Planetary Science Letters},
year = {2004},
volume = {218},
number = {3-4},
pages = {261--268}
}

@article{messenger09,
author = {Anderson, Brian J. and Acuña, Mario H. and Korth, Haje and Slavin, James A. and Hideharu, Uno and Johnson, Catherine L. and Purucker, Michael E. and Solomon, Sean C. and Raines, Jim M. and Zurbuchen, Thomas H. and Gloeckler, George and McNutt, Ralph L.},
title = {The Magnetic Field of Mercury},
journal = {Space Science Reviews},
year = {2009}
}

@article{Braginsky1995,
author = {Braginsky, S. and Roberts, Paul H.},
title = {{Equations governing convection in Earth's core and the geodynamo}},
journal = {Geophysical and Astrophysical Fluid Dynamics},
year = {1995},
pages= {1--97},
vol={79}
}

@article{Braginsky2006,
author = {Braginsky, S.},
title = {{Formation of the stratified ocean of the core}},
journal = {Earth and Planetary Science Letters},
year = {2006},
pages={650--656},
vol={243}
}

@article{brueur07,
author = {Breuer, Doris and Hauck II, Steven A. and Buske, Monika and Pauer, Martin and Spohn, Tilman},
title = {{Interior Evolution of Mercury}},
journal = {Space Science Reviews},
year = {2007},
volume = {132},
number = {2-4},
pages = {229--260}
}

@article{chenetal2008,
author = {Bin Chen and Gao, Lili and Leinenweber, Kurt and Wang, Yanbin and Sanehira, Takeshi and Li, Jie},
title = {{ In situ investigation of high-pressure melting behavior in the Fe-S system using synchrotron X-ray radiography}},
journal = {High Pressure Research},
year = {2008},
volume = {28},
number = {3},
pages = {315--326}
}

@article{christensen06,
author = {Christensen, Ulrich R},
title = {{A deep dynamo generating Mercury's magnetic field}},
journal = {Nature},
year = {2006},
vol={444},
pages={1056--1058}
}

@article{christensen06scaling,
author = {Christensen, Ulrich R. and Aubert, Julien},
title = {{Scaling properties of convection-driven dynamos in rotating spherical shells and application to planetary magnetic fields}},
journal = {Geophysical Journal International},
year = {2006}
}

@inproceedings{conzelmann99,
  title={New thermal evolution models suggesting a hot, partially molten Mercurian interior.},
  author={Conzelmann, V and Spohn, T},
  booktitle={Bulletin of the American Astronomical Society},
  volume={31},
  pages={1102},
  year={1999}
}

@article{glassmaier2007,
  title={A feedback dynamo generating Mercury's magnetic field},
  author={Glassmeier, Karl-Heinz and Auster, Hans-Ulrich and Motschmann, Uwe},
  journal={Geophysical Research Letters},
  volume={34},
  number={22},
  year={2007},
  publisher={Wiley Online Library}
}

@article{Glatzmaier2002,
  title={Geodynamo simulations-how realistic are they?},
  author={Glatzmaier, Gary A},
  journal={Annual review of earth and planetary sciences},
  volume={30},
  number={1},
  pages={237--257},
  year={2002},
  publisher={Annual Reviews 4139 El Camino Way, PO Box 10139, Palo Alto, CA 94303-0139, USA}
}

@article{hauck04,
  title={Internal and tectonic evolution of Mercury},
  author={Hauck II, Steven A and Dombard, Andrew J and Phillips, Roger J and Solomon, Sean C},
  journal={Earth and Planetary Science Letters},
  volume={222},
  number={3},
  pages={713--728},
  year={2004},
  publisher={Elsevier}
}

@article{hauck06,
  title={Sulfur's impact on core evolution and magnetic field generation on Ganymede},
  author={Hauck, Steven A and Aurnou, Jonathan M and Dombard, Andrew J},
  journal={Journal of Geophysical Research: Planets},
  volume={111},
  number={E9},
  year={2006},
  publisher={Wiley Online Library}
}

@article{heimpelandaurnou2005,
  title={A numerical study of dynamo action as a function of spherical shell geometry},
  author={Heimpel, MH and Aurnou, JM and Al-Shamali, FM and Gomez Perez, N},
  journal={Earth and Planetary Science Letters},
  volume={236},
  number={1},
  pages={542--557},
  year={2005},
  publisher={Elsevier}
}

@article{heyner2010,
  title={The initial temporal evolution of a feedback dynamo for Mercury},
  author={Heyner, D and Schmitt, D and Wicht, J and Glassmeier, K-H and Korth, H and Motschmann, U},
  journal={Geophysical and Astrophysical Fluid Dynamics},
  volume={104},
  number={4},
  pages={419--429},
  year={2010},
  publisher={Taylor \& Francis}
}

@article{jiang2008,
  title={An MPI-based MoSST core dynamics model},
  author={Jiang, Weiyuan and Kuang, Weijia},
  journal={Physics of the Earth and Planetary Interiors},
  volume={170},
  number={1},
  pages={46--51},
  year={2008},
  publisher={Elsevier}
}

@article{kuangandbloxham1997,
  title={An Earth-like numerical dynamo model},
  author={Kuang, Weijia and Bloxham, Jeremy},
  journal={Nature},
  volume={389},
  number={6649},
  pages={371--374},
  year={1997},
  publisher={Nature Publishing Group}
}

@article{kuangandbloxham1999,
  title={Numerical modeling of magnetohydrodynamic convection in a rapidly rotating spherical shell: weak and strong field dynamo action},
  author={Kuang, Weijia and Bloxham, Jeremy},
  journal={Journal of Computational Physics},
  volume={153},
  number={1},
  pages={51--81},
  year={1999},
  publisher={Elsevier}
}

@inproceedings{levy1979,
  title={Planetary dynamo amplification of ambient magnetic fields},
  author={Levy, EH},
  booktitle={Lunar and Planetary Science Conference Proceedings},
  volume={10},
  pages={2335--2342},
  year={1979}
}

@article{nessmariner10,
  title={Observations of Mercury's magnetic field},
  author={Ness, Norman F and Behannon, KW and Lepping, RP and Whang, YC},
  journal={Icarus},
  volume={28},
  number={4},
  pages={479--488},
  year={1976},
  publisher={Elsevier}
}

@article{margot2007,
  title={Large longitude libration of Mercury reveals a molten core},
  author={Margot, Jean-Luc and Peale, SJ and Jurgens, RF and Slade, MA and Holin, IV},
  journal={Science},
  volume={316},
  number={5825},
  pages={710--714},
  year={2007},
  publisher={American Association for the Advancement of Science}
}

@article{rivoldini09,
  title={The interior structure of Mercury and its core sulfur content},
  author={Rivoldini, A and Van Hoolst, Tim and Verhoeven, O},
  journal={Icarus},
  volume={201},
  number={1},
  pages={12--30},
  year={2009},
  publisher={Elsevier}
}

@article{sarson97,
  title={Magnetoconvection dynamos and the magnetic fields of Io and Ganymede},
  author={Sarson, GR and Jones, CA and Zhang, K and Schubert, G},
  journal={Science},
  volume={276},
  number={5315},
  pages={1106--1108},
  year={1997},
  publisher={American Association for the Advancement of Science}
}

@article{schubertandross88,
  title={Mercury’s thermal history and the generation of its magnetic field},
  author={Schubert, G and Ross, MN and Stevenson, DJ and Spohn, T},
  journal={Mercury},
  pages={429--460},
  year={1988},
  publisher={Univ. Arizona Press, Tucson}
}

@article{stanleyandbloxham2005,
  title={Thin shell dynamo models consistent with Mercury's weak observed magnetic field},
  author={Stanley, Sabine and Bloxham, Jeremy and Hutchison, William E and Zuber, Maria T},
  journal={Earth and Planetary Science Letters},
  volume={234},
  number={1},
  pages={27--38},
  year={2005},
  publisher={Elsevier}
}

@article{stanleyandbloxham2006,
  title={Numerical dynamo models of Uranus' and Neptune's magnetic fields},
  author={Stanley, Sabine and Bloxham, Jeremy},
  journal={Icarus},
  volume={184},
  number={2},
  pages={556--572},
  year={2006},
  publisher={Elsevier}
}

@article{stanleyandmohammadi,
  title={Effects of an outer thin stably stratified layer on planetary dynamos},
  author={Stanley, Sabine and Mohammadi, Aylia},
  journal={Physics of the Earth and Planetary Interiors},
  volume={168},
  number={3},
  pages={179--190},
  year={2008},
  publisher={Elsevier}
}

@article{stanleyfluxspot,
  title={Using reversed magnetic flux spots to determine a planet's inner core size},
  author={Stanley, S and Zuber, MT and Bloxham, J},
  journal={Geophysical Research Letters},
  volume={34},
  number={19},
  year={2007},
  publisher={Wiley Online Library}
}

@article{stewart07,
  title={Mars: A new core-crystallization regime},
  author={Stewart, Andrew J and Schmidt, Max W and van Westrenen, Wim and Liebske, Christian},
  journal={Science},
  volume={316},
  number={5829},
  pages={1323--1325},
  year={2007},
  publisher={American Association for the Advancement of Science}
}

@article{stevenson87,
  title={Mercury's magnetic field: a thermoelectric dynamo?},
  author={Stevenson, DJ},
  journal={Earth and Planetary Science Letters},
  volume={82},
  number={1},
  pages={114--120},
  year={1987},
  publisher={Elsevier}
}

@article{takahashi06,
  title={Dipolar and non-dipolar dynamos in a thin shell geometry with implications for the magnetic field of Mercury},
  author={Takahashi, Futoshi and Matsushima, Masaki},
  journal={Geophysical research letters},
  volume={33},
  number={10},
  year={2006},
  publisher={Wiley Online Library}
}

@incollection{wichtreview07,
  title={The origin of Mercury’s internal magnetic field},
  author={Wicht, Johannes and Mandea, M and Takahashi, F and Christensen, UR and Matsushima, M and Langlais, B},
  booktitle={Mercury},
  pages={79--108},
  year={2008},
  publisher={Springer}
}

@article{aubert2009,
  title={Modelling the palaeo-evolution of the geodynamo},
  author={Aubert, Julien and Labrosse, St{\'e}phane and Poitou, Charles},
  journal={Geophysical Journal International},
  volume={179},
  number={3},
  pages={1414--1428},
  year={2009},
  publisher={Oxford University Press}
}

@article{boehler1992,
  title={Melting of the Fe--FeO and the Fe--FeS systems at high pressure: Constraints on core temperatures},
  author={Boehler, R},
  journal={Earth and Planetary Science Letters},
  volume={111},
  number={2},
  pages={217--227},
  year={1992},
  publisher={Elsevier}
}

@article{bullard1954,
author = {Bullard, E and Gellman, H},
title = {{Homogeneous Dynamos and Terrestrial Magnetism}},
journal = {Philosophical Transactions of the Royal Society},
volume={247},
year = {1954},
pages={213--278}
}

@article{chan2008,
  title={On the effect of an electrically heterogeneous lower mantle on planetary dynamos},
  author={Chan, Kit H and Zhang, Keke and Li, Ligang and Liao, Xinhao},
  journal={Physics of the Earth and Planetary Interiors},
  volume={169},
  number={1},
  pages={204--210},
  year={2008},
  publisher={Elsevier}
}

@article{christensen2001,
  title={A numerical dynamo benchmark},
  author={Christensen, UR and Aubert, J and Cardin, P and Dormy, E and Gibbons, S and Glatzmaier, GA and Grote, Eo and Honkura, Y and Jones, C and Kono, M and others},
  journal={Physics of the Earth and Planetary Interiors},
  volume={128},
  number={1},
  pages={25--34},
  year={2001},
  publisher={Elsevier}
}

@article{christensen2004,
  title={Power requirement of the geodynamo from ohmic losses in numerical and laboratory dynamos},
  author={Christensen, Ulrich R and Tilgner, Andreas},
  journal={Nature},
  volume={429},
  number={6988},
  pages={169--171},
  year={2004},
  publisher={Nature Publishing Group}
}

@article{cohen2009,
  title={Interactions of the magnetospheres of stars and close-in giant planets},
  author={Cohen, O and Drake, JJ and Kashyap, VL and Saar, SH and Sokolov, IV and Manchester, WB and Hansen, KC and Gombosi, TI},
  journal={The Astrophysical Journal Letters},
  volume={704},
  number={2},
  pages={L85},
  year={2009},
  publisher={IOP Publishing}
}

@article{driscoll2011,
  title={Optimal dynamos in the cores of terrestrial exoplanets: Magnetic field generation and detectability},
  author={Driscoll, Peter and Olson, Peter},
  journal={Icarus},
  volume={213},
  number={1},
  pages={12--23},
  year={2011},
  publisher={Elsevier}
}

@article{farrell1999,
  title={On the possibility of coherent cyclotron emission from extrasolar planets},
  author={Farrell, WM and Desch, MD and Zarka, P},
  journal={Journal of Geophysical Research: Planets (1991--2012)},
  volume={104},
  number={E6},
  pages={14025--14032},
  year={1999},
  publisher={Wiley Online Library}
}

@article{finlay2003,
  title={Equatorially dominated magnetic field change at the surface of Earth's core},
  author={Finlay, Christopher C and Jackson, Andrew},
  journal={Science},
  volume={300},
  number={5628},
  pages={2084--2086},
  year={2003},
  publisher={American Association for the Advancement of Science}
}

@article{griessmeier2007,
  title={Predicting low-frequency radio fluxes of known extrasolar planets},
  author={Grie{\ss}meier, J-M and Zarka, P and Spreeuw, H},
  journal={Astronomy \& Astrophysics},
  volume={475},
  number={1},
  pages={359--368},
  year={2007},
  publisher={EDP Sciences}
}

@article{heimpel2005,
  title={A numerical study of dynamo action as a function of spherical shell geometry},
  author={Heimpel, MH and Aurnou, JM and Al-Shamali, FM and Gomez Perez, N},
  journal={Earth and Planetary Science Letters},
  volume={236},
  number={1},
  pages={542--557},
  year={2005},
  publisher={Elsevier}
}

@article{karato2011,
  title={Rheological structure of the mantle of a super-Earth: Some insights from mineral physics},
  author={Karato, Shun-ichiro},
  journal={Icarus},
  volume={212},
  number={1},
  pages={14--23},
  year={2011},
  publisher={Elsevier}
}

@incollection{lecacheux1991,
  title={On the feasibility of extra-solar planetary detection at very low ratio frequencies},
  author={Lecacheux, Alain},
  booktitle={Bioastronomy The Search for Extraterrestial Life \textemdash  The Exploration Broadens},
  pages={21--30},
  year={1991},
  publisher={Springer}
}

@article{lenardic2012,
  title={On the notion of well-defined tectonic regimes for terrestrial planets in this solar system and others},
  author={Lenardic, A and Crowley, JW},
  journal={The Astrophysical Journal},
  volume={755},
  number={2},
  pages={132},
  year={2012},
  publisher={IOP Publishing}
}

@book{moffatt1978,
  title={Field Generation in Electrically Conducting Fluids},
  author={Moffatt, Henry K},
  year={1978},
  publisher={Cambridge University Press}
}

@article{nellis2010,
  title={Al 2 O 3 as a metallic glass at 300 GPa},
  author={Nellis, WJ},
  journal={Physical Review B},
  volume={82},
  number={9},
  pages={092101-1--092101-4},
  year={2010},
  publisher={APS}
}

@article{ohta2012,
  title={Experimental and theoretical evidence for pressure-induced metallization in FeO with rocksalt-type structure},
  author={Ohta, Kenji and Cohen, Ronald E and Hirose, Kei and Haule, Kristjan and Shimizu, Katsuya and Ohishi, Yasuo},
  journal={Physical review letters},
  volume={108},
  number={2},
  pages={026403},
  year={2012},
  publisher={APS}
}

@article{oneill2007,
  title={Geological consequences of super-sized Earths},
  author={O'neill, C and Lenardic, A},
  journal={Geophysical Research Letters},
  volume={34},
  number={19},
  year={2007},
  publisher={Wiley Online Library}
}

@article{roberts2001,
  title={The geodynamo, past, present and future},
  author={Roberts, Paul H and Glatzmaier, Gary A},
  journal={Geophysical \& Astrophysical Fluid Dynamics},
  volume={94},
  number={1-2},
  pages={47--84},
  year={2001},
  publisher={Taylor \& Francis}
}

@misc{schneider,
      author = "Scheider, J.",
      title = "The Extrasolar Planets Encyclopaedia",
      month = "December",
      year = "2014",
      url = "http://www.exoplanet.eu"
}

@article{stein2011,
  title={The pressure-weakening effect in super-Earths: Consequences of a decrease in lower mantle viscosity on surface dynamics},
  author={Stein, C and Finnenk{\"o}tter, A and Lowman, JP and Hansen, U},
  journal={Geophysical Research Letters},
  volume={38},
  number={21},
  year={2011},
  publisher={Wiley Online Library}
}

@article{stein2013,
  title={The influence of mantle internal heating on lithospheric mobility: Implications for super-Earths},
  author={Stein, C and Lowman, JP and Hansen, U},
  journal={Earth and Planetary Science Letters},
  volume={361},
  pages={448--459},
  year={2013},
  publisher={Elsevier}
}

@article{tsuchiya2011,
  title={Prediction of a hexagonal SiO2 phase affecting stabilities of MgSiO3 and CaSiO3 at multimegabar pressures},
  author={Tsuchiya, Taku and Tsuchiya, Jun},
  journal={Proceedings of the National Academy of Sciences},
  volume={108},
  number={4},
  pages={1252--1255},
  year={2011},
  publisher={National Acad Sciences}
}

@article{valencia2009,
  title={Convection scaling and subduction on Earth and super-Earths},
  author={Valencia, Diana and O'Connell, Richard J},
  journal={Earth and Planetary Science Letters},
  volume={286},
  number={3},
  pages={492--502},
  year={2009},
  publisher={Elsevier}
}

@article{valencia2006,
  title={Internal structure of massive terrestrial planets},
  author={Valencia, Diana and O'Connell, Richard J and Sasselov, Dimitar},
  journal={Icarus},
  volume={181},
  number={2},
  pages={545--554},
  year={2006},
  publisher={Elsevier}
}

@article{vandenberg2010,
  title={The dynamical impact of electronic thermal conductivity on deep mantle convection of exosolar planets},
  author={Van den Berg, AP and Yuen, DA and Beebe, GL and Christiansen, MD},
  journal={Physics of the Earth and Planetary Interiors},
  volume={178},
  number={3},
  pages={136--154},
  year={2010},
  publisher={Elsevier}
}

@article{vanheck2011,
  title={Plate tectonics on super-Earths: Equally or more likely than on Earth},
  author={Van Heck, HJ and Tackley, PJ},
  journal={Earth and Planetary Science Letters},
  volume={310},
  number={3},
  pages={252--261},
  year={2011},
  publisher={Elsevier}
}

@article{zen1966,
  title={Construction of pressure temperature diagrams for multicomponent systems after the method of Schreinemakers: A geometrical approach},
  author={Zen, E-An},
  journal={US Geological Survey Bulletin},
  volume={1225},
  pages={56},
  year={1969}
}

@incollection{gubbins1987,
	author	= "Gubbins, D. and Roberts, P.H.",
	title	= "Magnetohydrodynamics of the Earth's Core",
	booktitle= "Geomagnetism",
	publisher= "Academic Press",
	editor	= "Jacobs, J.A.",
	volume	= "1--183",
	pages	= "64",
	year	= "1987"
	
}

@article{proudman1916,
  title={On the motion of solids in a liquid possessing vorticity},
  author={Proudman, J.},
  journal={Proceedings of the Royal Society of London. Series A},
  volume={92},
  number={642},
  pages={408--424},
  year={1916},
  publisher={The Royal Society}
}

@article{taylor1917,
  title={Motion of solids in fluids when the flow is not irrotational},
  author={Taylor, G. I.},
  journal={Proceedings of the Royal Society of London. Series A},
  pages={99--113},
  year={1917},
  publisher={JSTOR}
}

@article{lele1992,
  title={Compact finite difference schemes with spectral-like resolution},
  author={Lele, Sanjiva K},
  journal={Journal of computational physics},
  volume={103},
  number={1},
  pages={16--42},
  year={1992},
  publisher={Elsevier}
}

@article{zhang1998,
  title={The dynamical effects of hyperviscosity on numerical geodynamo models},
  author={Zhang, K and Jones, CA and Sarson, GR},
  journal={Studia Geophysica et Geodaetica},
  volume={42},
  number={3},
  pages={247--253},
  year={1998},
  publisher={Springer}
}

@article{grote2000,
  title={Effects of hyperdiffusivities on dynamo simulations},
  author={Grote, E and Busse, FH and Tilgner, A},
  journal={Geophysical research letters},
  volume={27},
  number={13},
  pages={2001--2004},
  year={2000},
  publisher={Wiley Online Library}
}

@phdthesis{dharmaraj2013,
  title={Planetary Dynamo Models: Generation Mechanisms and the Influence of Boundary Conditions},
  author={Dharmaraj, Girija},
  year={2013},
  school={University of Toronto}
}

@article{cao2011,
  title={Saturn's very axisymmetric magnetic field: No detectable secular variation or tilt},
  author={Cao, Hao and Russell, Christopher T and Christensen, Ulrich R and Dougherty, Michele K and Burton, Marcia E},
  journal={Earth and Planetary Science Letters},
  volume={304},
  number={1},
  pages={22--28},
  year={2011},
  publisher={Elsevier}
}

@article{siegfried1974,
author = {Siegfried II, Robert W and Solomon, Sean C},
title = {Mercury: Internal structure and thermal evolution},
journal = {Icarus},
year = {1974},
volume = {23},
number = {2},
pages = {192--205}
}

@article{runcorn1976,
  author = {Runcorn, S.},
  journal={Nature},
  year={1975},
  title= {An ancient lunar magnetic field},
  volume={253},
  pages={701--703}
}

@article{heyner2011,
  title={Evidence from numerical experiments for a feedback dynamo generating Mercury’s magnetic field},
  author={Heyner, Daniel and Wicht, Johannes and G{\'o}mez-P{\'e}rez, Natalia and Schmitt, Dieter and Auster, Hans-Ulrich and Glassmeier, Karl-Heinz},
  journal={Science},
  volume={334},
  number={6063},
  pages={1690--1693},
  year={2011},
  publisher={American Association for the Advancement of Science}
}

@article{smith2012,
  title={Gravity field and internal structure of Mercury from MESSENGER},
  author={Smith, David E and Zuber, Maria T and Phillips, Roger J and Solomon, Sean C and Hauck, Steven A and Lemoine, Frank G and Mazarico, Erwan and Neumann, Gregory A and Peale, Stanton J and Margot, Jean-Luc and others},
  journal={Science},
  volume={336},
  number={6078},
  pages={214--217},
  year={2012},
  publisher={American Association for the Advancement of Science}
}

@article{christensen1999,
  title={Numerical modelling of the geodynamo: a systematic parameter study},
  author={Christensen, U and Olson, P and Glatzmaier, GA},
  journal={Geophysical Journal International},
  volume={138},
  number={2},
  pages={393--409},
  year={1999},
  publisher={Oxford University Press}
}

@article{margot2012,
  title={Mercury's moment of inertia from spin and gravity data},
  author={Margot, Jean-Luc and Peale, Stanton J and Solomon, Sean C and Hauck, Steven A and Ghigo, Frank D and Jurgens, Raymond F and Yseboodt, Marie and Giorgini, Jon D and Padovan, Sebastiano and Campbell, Donald B},
  journal={Journal of Geophysical Research: Planets},
  volume={117},
  number={E12},
  year={2012},
  publisher={Wiley Online Library}
}

@article{hauck2013,
  title={The curious case of Mercury's internal structure},
  author={Hauck, Steven A and Margot, Jean-Luc and Solomon, Sean C and Phillips, Roger J and Johnson, Catherine L and Lemoine, Frank G and Mazarico, Erwan and McCoy, Timothy J and Padovan, Sebastiano and Peale, Stanton J and others},
  journal={Journal of Geophysical Research: Planets},
  volume={118},
  number={6},
  pages={1204--1220},
  year={2013},
  publisher={Wiley Online Library}
}

@article{rivoldini2013,
  title={The interior structure of Mercury constrained by the low-degree gravity field and the rotation of Mercury},
  author={Rivoldini, Attilio and Van Hoolst, Tim},
  journal={Earth and Planetary Science Letters},
  volume={377},
  pages={62--72},
  year={2013},
  publisher={Elsevier}
}

@article{cao2014,
  title={A dynamo explanation for Mercury's anomalous magnetic field},
  author={Cao, Hao and Aurnou, Jonathan M and Wicht, Johannes and Dietrich, Wieland and Soderlund, Krista M and Russell, Christopher T},
  journal={Geophysical Research Letters},
  year={2014},
  publisher={Wiley Online Library}
}

@article{jones2011,
  title={Planetary magnetic fields and fluid dynamos},
  author={Jones, Chris A},
  journal={Annual Review of Fluid Mechanics},
  volume={43},
  pages={583--614},
  year={2011},
  publisher={Annual Reviews}
}

@article{connerney2007,
  title={Planetary magnetism},
  author={Connerney, J. E. P.},
  journal={Treatise on Geophysics},
  volume={10},
  pages={243--280},
  year={2007}
}

@article{christensen2009review,
  title={Planetary dynamos from a solar perspective},
  author={Christensen, UR and Schmitt, D and Rempel, M},
  journal={Space science reviews},
  volume={144},
  number={1-4},
  pages={105--126},
  year={2009},
  publisher={Springer}
}

@article{breuer2010,
  title={Thermal evolution and magnetic field generation in terrestrial planets and satellites},
  author={Breuer, Doris and Labrosse, Stephane and Spohn, Tilman},
  journal={Space science reviews},
  volume={152},
  number={1-4},
  pages={449--500},
  year={2010},
  publisher={Springer}
}

@article{bloxham1991,
  title={Fluid flow near the surface of Earth's outer core},
  author={Bloxham, Jeremy and Jackson, Andrew},
  journal={Reviews of Geophysics},
  volume={29},
  number={1},
  pages={97--120},
  year={1991},
  publisher={Wiley Online Library}
}

@article{igrf11,
  title={International geomagnetic reference field: the eleventh generation},
  author={Finlay, CC and Maus, S and Beggan, CD and Bondar, TN and Chambodut, A and Chernova, TA and Chulliat, A and Golovkov, VP and Hamilton, B and Hamoudi, M and others},
  journal={Geophysical Journal International},
  volume={183},
  number={3},
  pages={1216--1230},
  year={2010},
  publisher={Oxford University Press}
}

@inproceedings{connerney1992,
  title={Doing more with Jupiter’s magnetic field},
  author={Connerney, JEP},
  booktitle={Planetary Radio Emissions III},
  volume={1},
  pages={13},
  year={1992}
}

@article{holme1996,
  title={The magnetic fields of Uranus and Neptune: Methods and models},
  author={Holme, Richard and Bloxham, Jeremy},
  journal={Journal of Geophysical Research: Planets (1991--2012)},
  volume={101},
  number={E1},
  pages={2177--2200},
  year={1996},
  publisher={Wiley Online Library}
}

@article{tarduno2010,
  title={Geodynamo, solar wind, and magnetopause 3.4 to 3.45 billion years ago},
  author={Tarduno, John A and Cottrell, Rory D and Watkeys, Michael K and Hofmann, Axel and Doubrovine, Pavel V and Mamajek, Eric E and Liu, Dunji and Sibeck, David G and Neukirch, Levi P and Usui, Yoichi},
  journal={Science},
  volume={327},
  number={5970},
  pages={1238--1240},
  year={2010},
  publisher={American Association for the Advancement of Science}
}

@article{russell1980,
  title={Limits on the possible intrinsic magnetic field of Venus},
  author={Russell, CT and Elphic, RC and Slavin, JA},
  journal={Journal of Geophysical Research: Space Physics (1978--2012)},
  volume={85},
  number={A13},
  pages={8319--8332},
  year={1980},
  publisher={Wiley Online Library}
}

@article{seager2007,
  title={Mass-radius relationships for solid exoplanets},
  author={Seager, S and Kuchner, M and Hier-Majumder, CA and Militzer, B},
  journal={The Astrophysical Journal},
  volume={669},
  number={2},
  pages={1279},
  year={2007},
  publisher={IOP Publishing}
}

@article{elkins2008,
  title={Ranges of atmospheric mass and composition of super-Earth exoplanets},
  author={Elkins-Tanton, Linda T and Seager, Sara},
  journal={The Astrophysical Journal},
  volume={685},
  number={2},
  pages={1237},
  year={2008},
  publisher={IOP Publishing}
}

@article{elkins2008coreless,
  title={Coreless terrestrial exoplanets},
  author={Elkins-Tanton, Linda T and Seager, Sara},
  journal={The Astrophysical Journal},
  volume={688},
  number={1},
  pages={628},
  year={2008},
  publisher={IOP Publishing}
}

@book{jackson1999,
  title={Classical electrodynamics},
  author={Jackson, John D.},
  edition={3},
  year={1999},
  publisher={Wiley New York etc.}
}

@incollection{wicht2008,
  title={The origin of Mercury’s internal magnetic field},
  author={Wicht, Johannes and Mandea, M and Takahashi, F and Christensen, UR and Matsushima, M and Langlais, B},
  booktitle={Mercury},
  pages={79--108},
  year={2008},
  publisher={Springer}
}

@article{wicht2002,
  title={Inner-core conductivity in numerical dynamo simulations},
  author={Wicht, Johannes},
  journal={Physics of the Earth and Planetary Interiors},
  volume={132},
  number={4},
  pages={281--302},
  year={2002},
  publisher={Elsevier}
}

@article{crank1947,
  title={A practical method for numerical evaluation of solutions of partial differential equations of the heat-conduction type},
  author={Crank, John and Nicolson, Phyllis},
  journal={Mathematical Proceedings of the Cambridge Philosophical Society},
  volume={43},
  number={1},
  pages={50--67},
  year={1947},
  organization={Cambridge University Press}
}

@article{courant1967,
  title={On the partial difference equations of mathematical physics},
  author={Courant, Richard and Friedrichs, Kurt and Lewy, Hans},
  journal={IBM journal of Research and Development},
  volume={11},
  number={2},
  pages={215--234},
  year={1967},
  publisher={IBM}
}

@book{gubbins2007,
  title={Encyclopedia of geomagnetism and paleomagnetism},
  author={Gubbins, David and Herrero-Bervera, Emilio},
  year={2007},
  publisher={Springer}
}

@article{sakuraba2009,
  title={Generation of a strong magnetic field using uniform heat flux at the surface of the core},
  author={Sakuraba, Ataru and Roberts, Paul H},
  journal={Nature Geoscience},
  volume={2},
  number={11},
  pages={802--805},
  year={2009},
  publisher={Nature Publishing Group}
}

@misc{rein2015,
  author = {Rein, Hanno},
  title = {The Open Exoplanet Catalogue},
  year = {2015},
  publisher = {GitHub},
  journal = {GitHub repository},
  howpublished = {\url{https://github.com/OpenExoplanetCatalogue/oec_tables}},
  commit = {d8146b52dae36fdfe1fefe7192335d2e8b1232ce}
}

@article{zapolsky1969,
  title={The mass-radius relation for cold spheres of low mass},
  author={Zapolsky, HS and Salpeter, EE},
  journal={The Astrophysical Journal},
  volume={158},
  pages={809},
  year={1969}
}

@article{adams2008,
  title={Ocean planet or thick atmosphere: on the mass-radius relationship for solid exoplanets with massive atmospheres},
  author={Adams, ER and Seager, S and Elkins-Tanton, L},
  journal={The Astrophysical Journal},
  volume={673},
  number={2},
  pages={1160},
  year={2008},
  publisher={IOP Publishing}
}

@article{mayor2011harps,
  title={The HARPS search for southern extra-solar planets XXXIV. Occurrence, mass distribution and orbital properties of super-Earths and Neptune-mass planets},
  author={Mayor, Michel and Marmier, M and Lovis, Ch and Udry, S and S{\'e}gransan, D and Pepe, F and Benz, W and Bertaux, J-L and Bouchy, F and Dumusque, X and Curto, G. Lo and Mordasini, C. and Queloz, D. and Santos, N.C.},
  journal={arXiv preprint arXiv:1109.2497},
  year={2011}
}

@article{smith1963,
  title={Mariner II: Preliminary reports on measurements of Venus magnetic field},
  author={Smith, E.J. and Davis, L. and Coleman, P.J. and Sonnet, C.P.},
  journal={Science},
  year={1963},
  pages={909},
  volume={139}
}

@article{smith1965,
  title={Magnetic measurements near Venus},
  author={Smith, E.J. and Davis, L. and Coleman, P.J. and Sonnet, C.P.},
  journal={Science},
  year={1965},
  pages={1571},
  volume={70}
}

@article{acuna1999,
  title={Global distribution of crustal magnetization discovered by the Mars Global Surveyor MAG/ER experiment},
  author={Acuna, MH and Connerney, JEP and Lin, RP and Mitchell, D and Carlson, CW and McFadden, J and Anderson, KA and R{\`e}me, H and Mazelle, C and Vignes, D and others},
  journal={Science},
  volume={284},
  number={5415},
  pages={790--793},
  year={1999},
  publisher={American Association for the Advancement of Science}
}

@article{stevenson2003,
  title={Planetary magnetic fields},
  author={Stevenson, David J},
  journal={Earth and planetary science letters},
  volume={208},
  number={1},
  pages={1--11},
  year={2003},
  publisher={Elsevier}
}

@article{busse1975,
  title={A necessary condition for the geodynamo},
  author={Busse, FH},
  journal={Journal of Geophysical Research},
  volume={80},
  number={2},
  pages={278--280},
  year={1975},
  publisher={Wiley Online Library}
}

@article{dumberry2003,
  title={Torque balance, Taylor’s constraint and torsional oscillations in a numerical model of the geodynamo},
  author={Dumberry, Mathieu and Bloxham, Jeremy},
  journal={Physics of the Earth and Planetary Interiors},
  volume={140},
  number={1},
  pages={29--51},
  year={2003},
  publisher={Elsevier}
}

@article{anderson2012,
  title={Low-degree structure in Mercury's planetary magnetic field},
  author={Anderson, Brian J and Johnson, Catherine L and Korth, Haje and Winslow, Reka M and Borovsky, Joseph E and Purucker, Michael E and Slavin, James A and Solomon, Sean C and Zuber, Maria T and McNutt, Ralph L},
  journal={Journal of Geophysical Research: Planets (1991--2012)},
  volume={117},
  number={E12},
  year={2012},
  publisher={Wiley Online Library}
}

@article{kivelson1996,
  title={Discovery of Ganymede's magnetic field by the Galileo spacecraft},
  author={Kivelson, MG and Khurana, KK and Russell, CT and Walker, RJ and Warnecke, J and Coroniti, FV and Polanskey, C and Southwood, DJ and Schubert, G},
  journal={Nature},
  volume={384},
  number={6609},
  pages={537--541},
  year={1996},
  publisher={Nature Publishing Group}
}

@article{dumberry2015,
  title={Mercury’s inner core size and core-crystallization regime},
  author={Dumberry, Mathieu and Rivoldini, Attilio},
  journal={Icarus},
  volume={248},
  pages={254--268},
  year={2015},
  publisher={Elsevier}
}

@article{manglik2010,
  title={A dynamo model with double diffusive convection for Mercury's core},
  author={Manglik, Ajay and Wicht, Johannes and Christensen, Ulrich R},
  journal={Earth and Planetary Science Letters},
  volume={289},
  number={3},
  pages={619--628},
  year={2010},
  publisher={Elsevier}
}

@book{ashcroftandmermin,
  title={Solid State Physics},
  author={Ashcroft, N.W. and Mermin, N.D.},
  isbn={9788131500521},
  year={2011},
  publisher={Cengage Learning}
}

@article{peale1973,
  title={Rotation of solid bodies in the solar system},
  author={Peale, SJ},
  journal={Reviews of Geophysics},
  volume={11},
  number={4},
  pages={767--793},
  year={1973},
  publisher={Wiley Online Library}
}

@article{peale1976,
  title={Does Mercury have a molten core},
  author={Peale, SJ},
  journal={Nature},
  volume={262},
  pages={765},
  year={1976}
}

@article{peale1969,
  title={Generalized Cassini's laws},
  author={Peale, Stanton J},
  journal={The Astronomical Journal},
  volume={74},
  pages={483},
  year={1969}
}

@article{peale1972,
  title={Determination of parameters related to the interior of Mercury},
  author={Peale, SJ},
  journal={Icarus},
  volume={17},
  number={1},
  pages={168--173},
  year={1972},
  publisher={Elsevier}
}

@article{nittler2011,
  title={The major-element composition of Mercury’s surface from MESSENGER X-ray spectrometry},
  author={Nittler, Larry R and Starr, Richard D and Weider, Shoshana Z and McCoy, Timothy J and Boynton, William V and Ebel, Denton S and Ernst, Carolyn M and Evans, Larry G and Goldsten, John O and Hamara, David K and others},
  journal={Science},
  volume={333},
  number={6051},
  pages={1847--1850},
  year={2011},
  publisher={American Association for the Advancement of Science}
}

@article{aubert2005zonal,
  title={Steady zonal flows in spherical shell dynamos},
  author={Aubert, Julien},
  journal={Journal of Fluid Mechanics},
  volume={542},
  pages={53--67},
  year={2005},
  publisher={Cambridge Univ Press}
}

@book{kaula1968,
  title={An Introduction to Planetary Physics: The Terrestrial Planets},
  author={Kaula, William M.},
  series={Space Science Text Series},
  publisher={John Wiley \& Sons Inc},
  volume={1},
  year={1968}
}

@article{vilim2013,
  title={The Effect of Lower Mantle Metallization on Magnetic Field Generation in Rocky Exoplanets},
  author={Vilim, Ryan and Stanley, Sabine and Elkins-Tanton, Linda},
  journal={The Astrophysical Journal Letters},
  volume={768},
  number={2},
  pages={L30},
  year={2013},
  publisher={IOP Publishing}
}

@article{vilim2010,
  title={Iron snow zones as a mechanism for generating Mercury's weak observed magnetic field},
  author={Vilim, R and Stanley, S and Hauck, SA},
  journal={Journal of Geophysical Research: Planets (1991--2012)},
  volume={115},
  number={E11},
  year={2010},
  publisher={Wiley Online Library}
}